@online{Figure1,
    author = "Grusin, Mike",
    title = "Sparkfun",
    url  = "https://learn.sparkfun.com/tutorials/bmp180-barometric-pressure-sensor-hookup-/all ",
    addendum = "(accessed: 10.01.2021)",
    keywords = "latex,fig1"
}
